<?xml version="1.0" encoding="UTF-8"?><collection xmlns="http://www.loc.gov/MARC21/slim"><record><leader>00578nam--2200193-u-4500</leader><controlfield tag="001">000053469</controlfield><controlfield tag="002">20161230</controlfield><controlfield tag="005">20161230201051</controlfield><controlfield tag="008">110406s1000------------r-----000-0-rum-d</controlfield><datafield ind1=" " ind2=" " tag="040"><subfield code="a">IFIN-HH</subfield></datafield><datafield ind1=" " ind2=" " tag="041"><subfield code="a">rum</subfield></datafield><datafield ind1=" " ind2=" " tag="080"><subfield code="a">546.212.02(043)</subfield></datafield><datafield ind1="1" ind2=" " tag="100"><subfield code="a">Hirean, Ioan I</subfield></datafield><datafield ind1="1" ind2="0" tag="245"><subfield code="a">Contributii la masurarea marimilor fizice care definesc calitatea apei grele cu utilizare nucleara</subfield><subfield code="b">Teza</subfield><subfield code="c">Ioan i. hirean</subfield></datafield><datafield ind1=" " ind2=" " tag="260"><subfield code="a">Bucuresti</subfield><subfield code="b">Ifa</subfield><subfield code="c">1998</subfield></datafield><datafield ind1=" " ind2=" " tag="300"><subfield code="a">124P</subfield></datafield><datafield ind1=" " ind2=" " tag="502"><subfield code="a">Conducator Stiintific: Dr. Ing Emilian Rodean</subfield></datafield><datafield ind1=" " ind2=" " tag="852"><subfield code="a">80980</subfield><subfield code="c">546</subfield></datafield><datafield ind1=" " ind2=" " tag="CAT"><subfield code="a">Sys</subfield><subfield code="c">20110406</subfield><subfield code="h">145408</subfield></datafield></record></collection>